<collection xmlns="http://www.loc.gov/MARC21/slim">
<record>
  <leader>01053nam0a22002171i 450 </leader>
  <controlfield tag="001">IT\ICCU\CNCE\078607</controlfield>
  <controlfield tag="005">20140620000000.0</controlfield>
  <datafield tag="012" ind1=" " ind2=" ">
    <subfield code="a">o-e, a,i- 5.3. LuLu (3) 1600 (A)</subfield>
    <subfield code="2">fei</subfield>
  </datafield>
  <datafield tag="100" ind1=" " ind2=" ">
    <subfield code="a">20140620d1600        0itac0103    ba</subfield>
  </datafield>
  <datafield tag="101" ind1=" " ind2=" ">
    <subfield code="a">ITA</subfield>
  </datafield>
  <datafield tag="102" ind1=" " ind2=" ">
    <subfield code="a">IT</subfield>
  </datafield>
  <datafield tag="200" ind1="1" ind2=" ">
    <subfield code="a">Lunario perpetuo, o vero Calculo astronomico del r.m. Horatio Falteri, piouano di Doccia, calculato con ogni diligenza al meridiano d&apos;Italia, doue si cognosce lo splendore e bellezza de&apos; corpi della region celeste, lor qualit,̉ virt,̮ natura, dominio e grandezza, &amp; in quanto tempo i loro orbi circondano il zodiaco</subfield>
  </datafield>
  <datafield tag="210" ind1=" " ind2=" ">
    <subfield code="a">In Fiorenza</subfield>
    <subfield code="c">per Gianantonio Cano</subfield>
    <subfield code="d">1600</subfield>
  </datafield>
  <datafield tag="215" ind1=" " ind2=" ">
    <subfield code="a">\3!, 29, \8! c.</subfield>
    <subfield code="c">ill.</subfield>
    <subfield code="d">4ʻ</subfield>
  </datafield>
  <datafield tag="620" ind1=" " ind2=" ">
    <subfield code="a">IT</subfield>
    <subfield code="d">Firenze</subfield>
  </datafield>
  <datafield tag="700" ind1=" " ind2="1">
    <subfield code="a">Falteri,</subfield>
    <subfield code="b">Orazio</subfield>
    <subfield code="3">IT\ICCU\CNCA\003241</subfield>
  </datafield>
  <datafield tag="712" ind1="0" ind2="0">
    <subfield code="a">Caneo, Giovanni Antonio</subfield>
    <subfield code="3">IT\ICCU\CNCT\000009</subfield>
    <subfield code="4">650</subfield>
  </datafield>
  <datafield tag="790" ind1=" " ind2="1">
    <subfield code="a">Falteri,</subfield>
    <subfield code="b">Horatio</subfield>
    <subfield code="3">IT\ICCU\CNCA\013990</subfield>
    <subfield code="z">Falteri, Orazio</subfield>
  </datafield>
  <datafield tag="791" ind1="0" ind2="0">
    <subfield code="a">Caneus, Ioannes Antonius</subfield>
    <subfield code="3">IT\ICCU\CNCT\004435</subfield>
    <subfield code="z">Caneo, Giovanni Antonio</subfield>
  </datafield>
  <datafield tag="801" ind1=" " ind2="3">
    <subfield code="a">IT</subfield>
    <subfield code="b">ICCU</subfield>
    <subfield code="c">20201115</subfield>
  </datafield>
  <datafield tag="899" ind1=" " ind2=" ">
    <subfield code="a">British Library. London</subfield>
    <subfield code="1">UK0001</subfield>
  </datafield>
</record>
</collection>
